@book{russell2005intelligenza,
  title={Intelligenza artificiale. Un approccio moderno},
  author={Russell, Stuart J and Norvig, Peter},
  volume={2},
  year={2005},
  publisher={Pearson Italia Spa}
}