@online{RetiPetri,
	author = {{contributori di Wikipedia}},
	date = {2021-09-21},
	language = {italian},
	title = {Rete di Petri},
	url = {https://it.wikipedia.org/wiki/Rete_di_Petri},
}