@book{russell2005intelligenza,
  title={Intelligenza artificiale. Un approccio moderno},
  author={Russell, Stuart J and Norvig, Peter},
  volume={2},
  year={2005},
  publisher={Pearson Italia Spa}
}

@online{funzioneObiettivo,
	author = {{contributori di Wikipedia}},
	date = {2021-11-03},
	language = {italian},
	title = {Funzione obiettivo},
	url = {https://it.wikipedia.org/wiki/Funzione_obiettivo},
}

@online{ConfineDecisionale,
	author = {{Wikipedia contributors}},
	date = {2021-01-20},
	language = {english},
	title = {Decision boundary},
	url = {https://en.wikipedia.org/wiki/Decision_boundary},
}

@online{SVMTowardDataScience,
	author = {given-i=S., given=Shuyu, family=Luo},
	date = {2018-10-17},
	language = {english},
	title = {Loss Function(Part III): Support Vector Machine - Towards Data Science},
	url = {https://towardsdatascience.com/optimization-loss-function-under-the-hood-part-iii-5dff33fa015d},
}